@incollection{Bergstra,
title = "Algorithms for Hyper-Parameter Optimization",
author = "James S. Bergstra and Bardenet, R\'{e}mi and Bengio, Yoshua and Bal\'{a}zs K\'{e}gl",
booktitle = "Advances in Neural Information Processing Systems 24",
editor = "J. Shawe-Taylor and R. S. Zemel and P. L. Bartlett and F. Pereira and K. Q. Weinberger",
pages = "2546--2554",
year = "2011",
publisher = "Curran Associates, Inc.",
url = "http://papers.nips.cc/paper/4443-algorithms-for-hyper-parameter-optimization.pdf"
}

@article{bardenet,
   author = "Bardenet, R. and Brendel, M. and Kegl, B. and Sebag, M.",
   year = "2013.",
   title = "Collaborative hyperparameter tuning.",
   journal = "30th Annual Conference on Machine Learning.",
   volume = "28",
   pages = "199-207",
   DOI = "hal.in2p3.fr/file/index/docid/907381/filename/bardenet13.pdf"
}

@misc{gridsearch,
   title = "GridSearchCV",
   author = "skilearn",
   url = "\url{http://scikit-learn.org/stable/modules/generated/sklearn.model_selection.GridSearchCV.html#sklearn.model_selection.GridSearchCV}",
   note = "[Online; accessed 15-December-2016]"
}