@incollection{Bergstra,
title = "Algorithms for Hyper-Parameter Optimization",
author = "James S. Bergstra and Bardenet, R\'{e}mi and Bengio, Yoshua and Bal\'{a}zs K\'{e}gl",
booktitle = "Advances in Neural Information Processing Systems 24",
editor = "J. Shawe-Taylor and R. S. Zemel and P. L. Bartlett and F. Pereira and K. Q. Weinberger",
pages = "2546--2554",
year = "2011",
publisher = "Curran Associates, Inc.",
url = "http://papers.nips.cc/paper/4443-algorithms-for-hyper-parameter-optimization.pdf"
}

@article{bardenet,
   author = "Bardenet, R. and Brendel, M. and Kegl, B. and Sebag, M.",
   year = "2013.",
   title = "Collaborative hyperparameter tuning.",
   journal = "30th Annual Conference on Machine Learning.",
   volume = "28",
   pages = "199-207",
   DOI = "hal.in2p3.fr/file/index/docid/907381/filename/bardenet13.pdf"
}

@misc{gridsearch,
   title = "GridSearchCV",
   author = "SciKitLearn",
   url = "\url{http://scikit-learn.org/stable/modules/generated/sklearn.model_selection.GridSearchCV.html#sklearn.model_selection.GridSearchCV}",
   note = "[Online; accessed 15-December-2016]"
}

@misc{showdown,
   author = "Delaney, J.",
    title = "10 Classifier Showdown in SciKit-Learn",
    url = "\url{https://www.kaggle.com/jeffd23/leaf-classification/10-classifier-showdown-in-scikit-learn}",
   note = "[Online; accessed 18-December-2016]"
}

@misc{ BayesWiki,
    author = "Wikipedia",
    title = "Naive Bayes classifier --- {W}ikipedia{,} The Free Encyclopedia",
    year = "2016",
    url = "\url{https://en.wikipedia.org/wiki/Naive_Bayes_classifier#Probabilistic_model}",
    note = "[Online; accessed 15-December-2016]"
} 
    
@misc{ AdaBoostWiki,
    author = "Wikipedia",
    title = "AdaBoost --- {W}ikipedia{,} The Free Encyclopedia",
    year = "2016",
    url = "\url{https://en.wikipedia.org/wiki/AdaBoost}",
    note = "[Online; accessed 15-December-2016]"
} 

@misc{ AdaBoostWiki,
    author = "Wikipedia",
    title = "AdaBoost --- {W}ikipedia{,} The Free Encyclopedia",
    year = "2016",
    url = "\url{https://en.wikipedia.org/wiki/AdaBoost}",
    note = "[Online; accessed 15-December-2016]"
} 

@misc{ HyperparameterOptimisationWiki,
    author = "Wikipedia",
    title = "AdaBoost --- {W}ikipedia{,} The Free Encyclopedia",
    year = "2016",
    url = "\url{https://en.wikipedia.org/wiki/Hyperparameter_optimization#Grid_search}",
    note = "[Online; accessed 15-December-2016]"
} 